<?xml version="1.0" encoding="UTF-8"?><collection xmlns="http://www.loc.gov/MARC21/slim"><record><leader>00456nam--2200181-i-4500</leader><controlfield tag="001">000040267</controlfield><controlfield tag="002">20161230</controlfield><controlfield tag="005">20170131125551</controlfield><controlfield tag="008">060222s1000------------r-----000-0-rum-d</controlfield><datafield ind1=" " ind2=" " tag="040"><subfield code="a">IFIN-HH</subfield></datafield><datafield ind1=" " ind2=" " tag="041"><subfield code="a">rum</subfield></datafield><datafield ind1=" " ind2=" " tag="080"><subfield code="a">541.1</subfield></datafield><datafield ind1="1" ind2=" " tag="100"><subfield code="a">Sandulescu,Dumitru</subfield></datafield><datafield ind1="1" ind2="0" tag="245"><subfield code="a">Chimie fizica</subfield><subfield code="c">Dumitru Sandulescu</subfield></datafield><datafield ind1=" " ind2=" " tag="260"><subfield code="a">Bucuresti</subfield><subfield code="b">Editura Stiintifica si Enciclopedica</subfield><subfield code="c">1979</subfield></datafield><datafield ind1=" " ind2=" " tag="300"><subfield code="a">741p</subfield></datafield><datafield ind1=" " ind2=" " tag="852"><subfield code="a">46262</subfield><subfield code="c">541</subfield></datafield><datafield ind1=" " ind2=" " tag="CAT"><subfield code="a">SYS</subfield><subfield code="c">20170131</subfield><subfield code="h">125551</subfield></datafield></record></collection>